%% This BibTeX bibliography file was created using BibDesk.
%% http://bibdesk.sourceforge.net/


%% Created for Badri Narayan at 2013-04-04 03:15:53 -0500 


%% Saved with string encoding Unicode (UTF-8) 



@article{bernstein,
	Author = {Schaeffer, AC},
	Date-Added = {2013-04-04 08:15:48 +0000},
	Date-Modified = {2013-04-04 08:15:48 +0000},
	Journal = {Bull. Amer. Math. Soc},
	Pages = {565--579},
	Title = {Inequalities of A. Markoff and S. Bernstein for polynomials and related functions},
	Volume = {47},
	Year = {1941}}

@article{dualcert,
	Author = {Cand\`es, Emmanuel J and Plan, Yaniv},
	Date-Added = {2013-04-04 08:15:42 +0000},
	Date-Modified = {2013-04-04 08:15:42 +0000},
	Journal = {IEEE Trans. on Information Theory},
	Number = {11},
	Pages = {7235--7254},
	Publisher = {IEEE},
	Title = {A probabilistic and {RIPless} theory of compressed sensing},
	Volume = {57},
	Year = {2011}}

@article{tvnorm,
	Author = {Yohann de Castro and Fabrice Gamboa},
	Date-Added = {2013-04-04 08:15:36 +0000},
	Date-Modified = {2013-04-04 08:15:36 +0000},
	Doi = {10.1016/j.jmaa.2012.05.011},
	Issn = {0022-247X},
	Journal = {Journal of Mathematical Analysis and Applications},
	Keywords = {Convex optimization},
	Number = {1},
	Pages = {336 - 354},
	Title = {Exact reconstruction using {Beurling} minimal extrapolation},
	Url = {http://www.sciencedirect.com/science/article/pii/S0022247X12003952},
	Volume = {395},
	Year = {2012},
	Bdsk-Url-1 = {http://www.sciencedirect.com/science/article/pii/S0022247X12003952},
	Bdsk-Url-2 = {http://dx.doi.org/10.1016/j.jmaa.2012.05.011}}

@article{cs_otg,
	Author = {Gongguo Tang and Badri Narayan Bhaskar and Parikshit Shah and Benjamin Recht},
	Date-Added = {2013-04-04 08:15:29 +0000},
	Date-Modified = {2013-04-04 08:15:29 +0000},
	Eprint = {1207.6053},
	Journal = {arXiv preprint arXiv:1207.6053},
	Title = {Compressed Sensing off the Grid},
	Url = {http://arxiv.org/abs/1207.6053},
	Year = {2012},
	Bdsk-Url-1 = {http://arxiv.org/abs/1207.6053}}

@article{rw_minimax,
	Author = {Raskutti, Garvesh and Wainwright, Martin J and Yu, Bin},
	Date-Added = {2013-04-04 08:15:22 +0000},
	Date-Modified = {2013-04-04 08:15:22 +0000},
	Journal = {IEEE Transactions on Information Theory},
	Number = {10},
	Pages = {6976--6994},
	Publisher = {IEEE},
	Title = {Minimax Rates of Estimation for High-Dimensional Linear Regression Over $\ell_q$ balls.},
	Volume = {57},
	Year = {2011}}

@article{granda2,
	Author = {Fernandez-Granda, Carlos},
	Date-Added = {2013-04-04 08:15:15 +0000},
	Date-Modified = {2013-04-04 08:15:15 +0000},
	Journal = {arXiv preprint arXiv:1302.3921},
	Title = {Support detection in super-resolution},
	Year = {2013}}

@article{azais,
	Author = {Azais, Jean-Marc and De Castro, Yohann and Gamboa, Fabrice},
	Date-Added = {2013-04-04 08:15:09 +0000},
	Date-Modified = {2013-04-04 08:15:09 +0000},
	Journal = {arXiv preprint arXiv:1301.5873},
	Title = {Spike detection from inaccurate samplings},
	Year = {2013}}

@article{cramer-subspace,
	Author = {Stoica, Petre and Arye, Nehorai},
	Date-Added = {2013-04-04 08:15:01 +0000},
	Date-Modified = {2013-04-04 08:15:01 +0000},
	Journal = {IEEE Trans. on Acoustics, Speech and Signal Processing},
	Number = {5},
	Pages = {720--741},
	Publisher = {IEEE},
	Title = {{MUSIC}, maximum likelihood, and {Cram\'er-Rao} bound},
	Volume = {37},
	Year = {1989}}

@article{fri,
	Author = {Vetterli, Martin and Marziliano, Pina and Blu, Thierry},
	Date-Added = {2013-04-04 08:14:37 +0000},
	Date-Modified = {2013-04-04 08:14:37 +0000},
	Journal = {IEEE Trans. on Signal Processing},
	Number = {6},
	Pages = {1417--1428},
	Publisher = {IEEE},
	Title = {Sampling signals with finite rate of innovation},
	Volume = {50},
	Year = {2002}}

@article{btr12,
	Author = {Badri Narayan Bhaskar and Gongguo Tang and Benjamin Recht},
	Date-Added = {2013-04-04 08:14:32 +0000},
	Date-Modified = {2013-04-04 08:14:32 +0000},
	Eprint = {1204.0562},
	Journal = {arXiv preprint arXiv:1204.0562},
	Title = {Atomic norm denoising with applications to line spectral estimation},
	Url = {http://arxiv.org/abs/1204.0562},
	Year = {2012},
	Bdsk-Url-1 = {http://arxiv.org/abs/1204.0562}}

@article{coherence,
	Author = {Cand{\`e}s, Emmanuel J and Plan, Yaniv},
	Date-Added = {2013-04-04 08:14:23 +0000},
	Date-Modified = {2013-04-04 08:14:23 +0000},
	Journal = {The Annals of Statistics},
	Number = {5A},
	Pages = {2145--2177},
	Publisher = {Institute of Mathematical Statistics},
	Title = {Near-ideal model selection by $\ell_1$ minimization},
	Volume = {37},
	Year = {2009}}

@article{rest_eig,
	Author = {Bickel, Peter J and Ritov, YaÂ’acov and Tsybakov, Alexandre B},
	Date-Added = {2013-04-04 08:14:17 +0000},
	Date-Modified = {2013-04-04 08:14:17 +0000},
	Journal = {The Annals of Statistics},
	Number = {4},
	Pages = {1705--1732},
	Publisher = {Institute of Mathematical Statistics},
	Title = {Simultaneous analysis of Lasso and Dantzig selector},
	Volume = {37},
	Year = {2009}}

@article{cd_minimax,
	Author = {Cand{\`e}s, Emmanuel J and Davenport, Mark A},
	Date-Added = {2013-04-04 08:14:10 +0000},
	Date-Modified = {2013-04-04 08:14:10 +0000},
	Journal = {Applied and Computational Harmonic Analysis},
	Publisher = {Elsevier},
	Title = {How well can we estimate a sparse vector?},
	Year = {2012}}

@article{oracle_lasso,
	Author = {Bunea, Florentina and Tsybakov, Alexandre and Wegkamp, Marten},
	Date-Added = {2013-04-04 08:14:02 +0000},
	Date-Modified = {2013-04-04 08:14:02 +0000},
	Journal = {Electronic Journal of Statistics},
	Pages = {169--194},
	Publisher = {Institute of Mathematical Statistics},
	Title = {Sparsity oracle inequalities for the {Lasso}},
	Volume = {1},
	Year = {2007}}

@article{cg_noisy,
	Author = {Cand\`es, Emmanuel and Fernandez-Granda, Carlos},
	Date-Added = {2013-04-04 08:13:54 +0000},
	Date-Modified = {2013-04-04 08:13:54 +0000},
	Journal = {arXiv preprint arXiv:1211.0290},
	Title = {Super-resolution from noisy data},
	Year = {2012}}

@article{cg_exact12,
	Author = {Cand\`es, Emmanuel and Fernandez-Granda, Carlos},
	Date-Added = {2013-04-04 08:13:47 +0000},
	Date-Modified = {2013-04-04 08:13:47 +0000},
	Journal = {arXiv preprint arXiv:1203.5871},
	Title = {Towards a mathematical theory of super-resolution},
	Year = {2012}}

@article{group:lasso,
	Author = {Ming Yuan and Lin, Yi},
	Date-Added = {2013-04-03 21:07:10 +0000},
	Date-Modified = {2013-04-03 21:07:51 +0000},
	Doi = {10.1111/j.1467-9868.2005.00532.x},
	Issn = {1369-7412},
	Journal = {Journal of the Royal Statistical Society: Series B (Statistical Methodology)},
	Number = {1},
	Pages = {49--67},
	Title = {Model selection and estimation in regression with grouped variables},
	Volume = {68},
	Year = {2006},
	Bdsk-Url-1 = {http://dx.doi.org/10.1111/j.1467-9868.2005.00532.x}}

@article{cut:goemans,
	Author = {Michel Goemans and Williamson, David},
	Date-Added = {2013-04-03 21:05:00 +0000},
	Date-Modified = {2013-04-03 21:05:08 +0000},
	Doi = {10.1016/j.jcss.2003.07.012},
	Issn = {0022-0000},
	Journal = {J. Comput. Syst. Sci.},
	Number = {2},
	Pages = {442--470},
	Title = {Approximation algorithms for MAX-3-CUT and other problems via complex semidefinite programming},
	Volume = {68},
	Year = {2004},
	Bdsk-Url-1 = {http://dx.doi.org/10.1016/j.jcss.2003.07.012}}

@article{donoho:huo,
	Author = {Donoho, David L and Huo, Xiaoming},
	Date-Added = {2013-04-03 20:32:33 +0000},
	Date-Modified = {2013-04-03 20:33:08 +0000},
	Journal = {Information Theory, IEEE Transactions on},
	Number = {7},
	Pages = {2845--2862},
	Publisher = {IEEE},
	Title = {Uncertainty principles and ideal atomic decomposition},
	Volume = {47},
	Year = {2001}}

@article{Wahlberg91,
	Author = {B. Wahlberg},
	Date-Added = {2013-04-03 01:54:14 +0000},
	Date-Modified = {2013-04-03 01:54:14 +0000},
	Journal = {{IEEE} Transactions on Automatic Control},
	Number = {5},
	Pages = {551-562},
	Title = {System Identification using {L}a guerre Models},
	Volume = {36},
	Year = {1991}}

@book{LjungBook,
	Address = {Upper Saddle River, NJ},
	Author = {Lennart Ljung},
	Date-Added = {2013-04-03 01:54:14 +0000},
	Date-Modified = {2013-04-03 01:54:14 +0000},
	Edition = {2nd},
	Publisher = {Prentice Hall},
	Title = {System Identification. Theory for the user},
	Year = {1998}}

@article{Bonsall86,
	Author = {F.~F.~Bonsall and D.~Walsh},
	Date-Added = {2013-04-03 01:54:14 +0000},
	Date-Modified = {2013-04-03 01:54:14 +0000},
	Journal = {Glasgow Mathematical Journal},
	Pages = {47--54},
	Title = {Symbols for trace class {H}ankel operators with good estimates for norms},
	Volume = {28},
	Year = {1986}}

@article{Verhaegen92,
	Author = {Michel Verhaegen and Patrick Dewilde},
	Date-Added = {2013-04-03 01:54:14 +0000},
	Date-Modified = {2013-04-03 01:54:14 +0000},
	Journal = {Int. J. of Control},
	Number = 5,
	Pages = {1187--1210},
	Title = {Subspace model identification},
	Volume = 56,
	Year = 1992}

@article{Coifman80,
	Author = {R.~R.~Coifman and R.~Rochberg},
	Date-Added = {2013-04-03 01:54:14 +0000},
	Date-Modified = {2013-04-03 01:54:14 +0000},
	Journal = {Asterisque},
	Pages = {11-66},
	Title = {Representation theorems for holomorphic and harmonic functions in ${L}^p$},
	Volume = {77},
	Year = {1980}}

@article{Simoncelli11,
	Author = {Chaitanya Ekanadham and Daniel Tranchina and Eero P. Simoncelli},
	Date-Added = {2013-04-03 01:54:14 +0000},
	Date-Modified = {2013-04-03 01:54:14 +0000},
	Journal = {{IEEE} Transactions on Signal Processing},
	Number = {10},
	Pages = {4735--4744},
	Title = {Recovery of Sparse Translation-Invariant Signals with Continuous Basis Pursuit},
	Volume = {59},
	Year = {2011}}

@article{Pillonetto2011,
	Author = {G. Pillonetto and A. Chiuso and G. de Nicolao},
	Date-Added = {2013-04-03 01:54:14 +0000},
	Date-Modified = {2013-04-03 01:54:14 +0000},
	Journal = {Automatica},
	Number = {2},
	Pages = {291-305},
	Title = {Prediction error identification of linear systems},
	Volume = {47},
	Year = {2011}}

@book{ZhuBook,
	Address = {Providence},
	Author = {Kehe Zhu},
	Date-Added = {2013-04-03 01:54:14 +0000},
	Date-Modified = {2013-04-03 01:54:14 +0000},
	Publisher = {American Mathematical Society},
	Title = {Operator Theory in Function Spaces},
	Year = {2007}}

@inproceedings{Chen2011IFAC,
	Author = {T. Chen and H. Ohlsson and L. Ljung},
	Booktitle = {IFAC World Congress},
	Date-Added = {2013-04-03 01:54:14 +0000},
	Date-Modified = {2013-04-03 01:54:14 +0000},
	Pages = {2303-2308},
	Title = {On the estimation of transfer functions, regularizations and {G}aussian processes - Revisited},
	Year = {2011}}

@techreport{Peller79,
	Address = {Leningrad},
	Author = {Vladimir V.~Peller},
	Date-Added = {2013-04-03 01:54:14 +0000},
	Date-Modified = {2013-04-03 01:54:14 +0000},
	Institution = {LOMI Preprints},
	Number = {E-I-79},
	Title = {Nuclearity of Hankel operators},
	Year = {1979}}

@inproceedings{Smith12,
	Author = {Roy S.~Smith},
	Booktitle = {Proceedings of the American Control Conference},
	Date-Added = {2013-04-03 01:54:14 +0000},
	Date-Modified = {2013-04-03 01:54:14 +0000},
	Title = {Nuclear norm minimization methods for frequency domain subspace identification},
	Year = {2012}}

@article{Overschee94,
	Author = {Peter Van Overschee and Bart De Moor},
	Date-Added = {2013-04-03 01:54:14 +0000},
	Date-Modified = {2013-04-03 01:54:14 +0000},
	Journal = {Automatica},
	Pages = {75--93},
	Title = {{N4SID}: Subspace algorithms for the identification of combined deterministic-- stochastic systems},
	Volume = {30},
	Year = {1994}}

@article{Liu08,
	Author = {Zhang Liu and Lieven Vandenberghe},
	Date-Added = {2013-04-03 01:54:14 +0000},
	Date-Modified = {2013-04-03 01:54:14 +0000},
	Journal = {{SIAM} Journal on Matrix Analysis and Applications},
	Number = {3},
	Pages = {1235--1256},
	Title = {Interior-point method for nuclear norm approximation with application to system identification},
	Volume = {31},
	Year = {2009}}

@book{PellerHankelBook,
	Address = {Berlin},
	Author = {Vladimir V.~Peller},
	Date-Added = {2013-04-03 01:54:14 +0000},
	Date-Modified = {2013-04-03 01:54:14 +0000},
	Publisher = {Springer},
	Series = {Springer Monographs in Mathematics},
	Title = {Hankel Operators and Their Applications},
	Year = {2003}}

@unpublished{Fazel11,
	Author = {Maryam Fazel and Ting Kei Pong and Defeng Sun and Paul Tseng},
	Date-Added = {2013-04-03 01:54:14 +0000},
	Date-Modified = {2013-04-03 01:54:14 +0000},
	Note = {Submitted for publication. Preprint available at \url{http://faculty.washington.edu/mfazel/}},
	Title = {Hankel matrix rank minimization with applications in system identification and realization},
	Year = {2011}}

@article{Recht10,
	Author = {Benjamin Recht and Maryam Fazel and Pablo Parrilo},
	Date-Added = {2013-04-03 01:54:14 +0000},
	Date-Modified = {2013-04-03 01:54:14 +0000},
	Journal = {SIAM Review},
	Number = {3},
	Pages = {471--501},
	Title = {Guaranteed Minimum Rank Solutions of Matrix Equations via Nuclear Norm Minimization},
	Volume = {52},
	Year = {2010}}

@misc{cvx,
	Author = {M. Grant and S. Boyd},
	Date-Added = {2013-04-03 01:54:14 +0000},
	Date-Modified = {2013-04-03 01:54:14 +0000},
	Howpublished = {\url{http://cvxr.com/cvx}},
	Month = may,
	Title = {{CVX}: Matlab Software for Disciplined Convex Programming, version 1.21},
	Year = 2010}

@inproceedings{BhaskarAllerton11,
	Author = {B. Bhaskar and B. Recht},
	Booktitle = {Proceedings of the 49th Annual Allerton Conference},
	Date-Added = {2013-04-03 01:54:14 +0000},
	Date-Modified = {2013-04-03 01:54:14 +0000},
	Title = {Atomic Norm Denoising with Applications to Line Spectral Estimation},
	Year = {2011}}

@article{Paganini96,
	Author = {Fernando G.~Paganini},
	Date-Added = {2013-04-03 01:54:14 +0000},
	Date-Modified = {2013-04-03 01:54:14 +0000},
	Journal = {{IEEE} Transactions on Automatic Control},
	Number = {10},
	Pages = {1453--1465},
	Title = {A set-based approach for white noise modeling},
	Volume = {41},
	Year = {1996}}

@inproceedings{Fazel01,
	Author = {Maryam Fazel and Haitham Hindi and Stephen Boyd},
	Booktitle = {Proceedings of the American Control Conference},
	Date-Added = {2013-04-03 01:54:14 +0000},
	Date-Modified = {2013-04-03 01:54:14 +0000},
	Title = {A rank minimization heuristic with application to minimum order system approximation},
	Year = {2001}}

@article{Pillonetto2010,
	Author = {G. Pillonetto and A. Chiuso and G. de Nicolao},
	Date-Added = {2013-04-03 01:54:14 +0000},
	Date-Modified = {2013-04-03 01:54:15 +0000},
	Journal = {Automatica},
	Number = {1},
	Pages = {81-93},
	Title = {A new kernel-based approach for linear system identification},
	Volume = {46},
	Year = {2010}}

@article{Hale08,
	Author = {T Hale and W Yin and Y Zhang},
	Date-Added = {2013-04-03 01:54:14 +0000},
	Date-Modified = {2013-04-03 01:54:15 +0000},
	Journal = {{SIAM} Joural on Optimization},
	Pages = {1107--1130},
	Rating = {0},
	Title = {A fixed-point continuation method for $\ell_1$-regularized minimization: Methodology and convergence},
	Volume = {19},
	Year = {2008}}

@book{DullerudPaganiniBook,
	Author = {Geir E.~Dullerud and Fernando G.~Paganini},
	Date-Added = {2013-04-03 01:54:14 +0000},
	Date-Modified = {2013-04-03 01:54:15 +0000},
	Publisher = {Springer},
	Title = {A course in robust control theory: A convex approach},
	Year = {2000}}

@inproceedings{YALMIP,
	Address = {Taipei, Taiwan},
	Author = {J. L\"{o}fberg},
	Booktitle = {Proceedings of the CACSD Conference},
	Date-Added = {2013-04-03 01:53:36 +0000},
	Date-Modified = {2013-04-03 01:53:36 +0000},
	Title = {{YALMIP}: A Toolbox for Modeling and Optimization in {MATLAB}},
	Url = {http://users.isy.liu.se/johanl/yalmip},
	Year = {2004},
	Bdsk-Url-1 = {http://users.isy.liu.se/johanl/yalmip}}

@article{claerbout:robust,
	Author = {Claerbout, Jon F and Muir, Francis},
	Date-Added = {2013-04-01 17:45:37 +0000},
	Date-Modified = {2013-04-01 17:56:41 +0000},
	Journal = {Geophysics},
	Number = {5},
	Pages = {826--844},
	Publisher = {Society of Exploration Geophysicists},
	Title = {Robust modeling with erratic data},
	Volume = {38},
	Year = {1973}}

@article{taylor:deconvolution,
	Author = {Taylor, Howard L and Banks, Stephen C and McCoy, John F},
	Date-Added = {2013-04-01 17:43:28 +0000},
	Date-Modified = {2013-04-01 17:43:36 +0000},
	Journal = {Geophysics},
	Number = {1},
	Pages = {39--52},
	Publisher = {Society of Exploration Geophysicists},
	Title = {Deconvolution with the 1 norm},
	Volume = {44},
	Year = {1979}}

@article{levy:spike-train,
	Author = {Levy, Shlomo and Fullagar, Peter K},
	Date-Added = {2013-04-01 17:42:08 +0000},
	Date-Modified = {2013-04-01 17:42:17 +0000},
	Journal = {Geophysics},
	Number = {9},
	Pages = {1235--1243},
	Publisher = {Society of Exploration Geophysicists},
	Title = {Reconstruction of a sparse spike train from a portion of its spectrum and application to high-resolution deconvolution},
	Volume = {46},
	Year = {1981}}

@article{chen98,
	Author = {Chen, Scott Shaobing and Donoho, David L and Saunders, Michael A},
	Date-Added = {2013-04-01 17:10:02 +0000},
	Date-Modified = {2013-04-01 17:58:47 +0000},
	Journal = {SIAM journal on scientific computing},
	Number = {1},
	Pages = {33--61},
	Publisher = {SIAM},
	Title = {Atomic decomposition by basis pursuit},
	Volume = {20},
	Year = {1998}}

@article{santosa,
	Author = {Santosa, Fadil and Symes, William W},
	Date-Added = {2013-04-01 17:06:55 +0000},
	Date-Modified = {2013-04-01 17:07:03 +0000},
	Journal = {SIAM Journal on Scientific and Statistical Computing},
	Number = {4},
	Pages = {1307--1330},
	Publisher = {SIAM},
	Title = {Linear inversion of band-limited reflection seismograms},
	Volume = {7},
	Year = {1986}}

@article{meinshausen:variable-selection,
	Author = {Meinshausen, Nicolai and B{\"u}hlmann, Peter},
	Date-Added = {2013-04-01 16:56:24 +0000},
	Date-Modified = {2013-04-01 16:56:56 +0000},
	Journal = {The Annals of Statistics},
	Number = {3},
	Pages = {1436--1462},
	Publisher = {Institute of Mathematical Statistics},
	Title = {High-dimensional graphs and variable selection with the lasso},
	Volume = {34},
	Year = {2006}}

@article{herglotz,
	Author = {Herglotz, G},
	Date-Added = {2013-03-31 19:16:53 +0000},
	Date-Modified = {2013-03-31 19:21:53 +0000},
	Journal = {Ber. Verh. Sachs. Akad. Wiss. Leipzig},
	Pages = {501--511},
	Title = {{\"U}ber Potenzreihen mit positivem, reellem Teil im Einheitskreis.},
	Volume = {63},
	Year = {1911}}

@article{spark,
	Author = {Donoho, David L and Elad, Michael},
	Date-Added = {2013-03-30 19:17:13 +0000},
	Date-Modified = {2013-03-30 19:17:13 +0000},
	Journal = {Proceedings of the National Academy of Sciences},
	Number = {5},
	Pages = {2197--2202},
	Publisher = {National Acad Sciences},
	Title = {Optimally sparse representation in general (nonorthogonal) dictionaries via 1 minimization},
	Volume = {100},
	Year = {2003}}

@article{crpw,
	Author = {Chandrasekaran, Venkat and Recht, Benjamin and Parrilo, PabloA. and Willsky, AlanS.},
	Date-Added = {2013-03-24 01:13:19 +0000},
	Date-Modified = {2013-03-24 01:13:33 +0000},
	Doi = {10.1007/s10208-012-9135-7},
	Issn = {1615-3375},
	Issue = {6},
	Journal = {Foundations of Computational Mathematics},
	Keywords = {Convex optimization; Semidefinite programming; Atomic norms; Real algebraic geometry; Gaussian width; Symmetry; 52A41; 90C25; 90C22; 60D05; 41A45},
	Language = {English},
	Pages = {805-849},
	Publisher = {Springer-Verlag},
	Title = {The Convex Geometry of Linear Inverse Problems},
	Url = {http://dx.doi.org/10.1007/s10208-012-9135-7},
	Volume = {12},
	Year = {2012},
	Bdsk-Url-1 = {http://dx.doi.org/10.1007/s10208-012-9135-7}}

@techreport{12BhaskarArxiv,
	Author = {Badri Narayan Bhaskar and Gongguo Tang and Benjamin Recht},
	Date-Added = {2013-02-15 19:42:59 +0000},
	Date-Modified = {2013-02-15 19:44:31 +0000},
	Note = {Extended Technical Report. Available at~\url{arxiv.org/1204.0562}},
	Title = {Atomic norm denoising with applications to line spectral estimation},
	Year = {2012}}

@article{btr12long,
	Author = {Badri Narayan Bhaskar and Gongguo Tang and Benjamin Recht},
	Bibsource = {DBLP, http://dblp.uni-trier.de},
	Date-Added = {2013-01-30 21:43:39 +0000},
	Date-Modified = {2013-01-30 21:46:05 +0000},
	Ee = {http://arxiv.org/abs/1204.0562},
	Journal = {arXiv Preprint},
	Title = {Atomic norm denoising with applications to line spectral estimation},
	Volume = {abs/1204.0562},
	Year = {2012}}

@article{duartescs,
	Author = {Duarte, M.F. and Baraniuk, R.G.},
	Date-Added = {2013-01-29 22:28:54 +0000},
	Date-Modified = {2013-01-29 22:29:12 +0000},
	Journal = {Applied and Computational Harmonic Analysis},
	Publisher = {Elsevier},
	Title = {Spectral compressive sensing},
	Year = {2012}}

@article{cpsc,
	Author = {Chi, Y. and Scharf, L.L. and Pezeshki, A. and Calderbank, A.R.},
	Date-Added = {2013-01-29 22:27:58 +0000},
	Date-Modified = {2013-01-29 22:28:04 +0000},
	Journal = {Signal Processing, IEEE Transactions on},
	Number = {5},
	Pages = {2182--2195},
	Publisher = {IEEE},
	Title = {Sensitivity to basis mismatch in compressed sensing},
	Volume = {59},
	Year = {2011}}

@article{chu2003structured,
	Author = {Chu, M.T. and Funderlic, R.E. and Plemmons, R.J.},
	Date-Added = {2012-12-18 17:18:33 +0000},
	Date-Modified = {2012-12-18 17:18:33 +0000},
	Journal = {Linear algebra and its applications},
	Pages = {157--172},
	Publisher = {Elsevier},
	Title = {Structured low rank approximation},
	Volume = {366},
	Year = {2003}}

@article{ssa_special_issue,
	Author = {Zhigljavsky, A.},
	Date-Added = {2012-12-18 17:15:58 +0000},
	Date-Modified = {2012-12-18 17:16:15 +0000},
	Journal = {Statistics and its Interface},
	Number = {3},
	Pages = {255--258},
	Title = {Singular Spectrum Analysis for time series: Introduction to this special issue},
	Volume = {3},
	Year = {2010}}

@book{tsbook1,
	Author = {Kantz, H. and Schreiber, T.},
	Date-Added = {2012-12-18 17:14:42 +0000},
	Date-Modified = {2012-12-18 17:15:02 +0000},
	Publisher = {Cambridge University Press},
	Title = {Nonlinear time series analysis},
	Volume = {7},
	Year = {2003}}

@book{tsbook2,
	Author = {Golyandina, N. and Nekrutkin, V. and Zhigljavsky, A.A.},
	Date-Added = {2012-12-18 17:14:30 +0000},
	Date-Modified = {2012-12-18 17:14:57 +0000},
	Publisher = {Chapman \& Hall/CRC},
	Title = {Analysis of Time Series Structure: SSA and related techniques},
	Volume = {90},
	Year = {2001}}

@article{ssa,
	Author = {Vautard, R. and Yiou, P. and Ghil, M.},
	Date-Added = {2012-12-18 17:13:40 +0000},
	Date-Modified = {2012-12-18 17:13:49 +0000},
	Journal = {Physica D: Nonlinear Phenomena},
	Number = {1},
	Pages = {95--126},
	Publisher = {Elsevier},
	Title = {Singular-spectrum analysis: A toolkit for short, noisy chaotic signals},
	Volume = {58},
	Year = {1992}}

@article{andrade2012,
	Author = {Andrade, X. and Sanders, J.N. and Aspuru-Guzik, A.},
	Date-Added = {2012-12-11 21:54:39 +0000},
	Date-Modified = {2012-12-11 21:54:45 +0000},
	Journal = {Proc. of the National Academy of Sciences},
	Number = {35},
	Pages = {13928--13933},
	Publisher = {National Acad Sciences},
	Title = {Application of compressed sensing to the simulation of atomic systems},
	Volume = {109},
	Year = {2012}}

@article{CandesGranda,
	Author = {Candes, E. and Fernandez-Granda, C.},
	Date-Added = {2012-12-06 20:21:27 +0000},
	Date-Modified = {2013-01-29 22:37:15 +0000},
	Journal = {arXiv Preprint 1203.5871},
	Title = {Towards a mathematical theory of super-resolution},
	Year = {2012}}

@book{StoicaMoses,
	Author = {Stoica, P. and Moses, R.L.},
	Date-Added = {2012-12-06 20:01:01 +0000},
	Date-Modified = {2012-12-06 20:01:24 +0000},
	Publisher = {Pearson/Prentice Hall},
	Title = {Spectral analysis of signals},
	Year = {2005}}

@inproceedings{pan1999complexity,
	Author = {Pan, V.Y. and Chen, Z.Q.},
	Booktitle = {Proc. of the 31st Annual ACM symposium on Theory of Computing},
	Date-Added = {2012-12-03 20:04:46 +0000},
	Date-Modified = {2012-12-03 20:04:46 +0000},
	Organization = {ACM},
	Pages = {507--516},
	Title = {The complexity of the matrix eigenproblem},
	Year = {1999}}

@inproceedings{zweig2003irregular,
	Author = {Zweig, G.},
	Booktitle = {IEE Proc. on Radar, Sonar and Navigation},
	Date-Added = {2012-12-02 20:57:03 +0000},
	Date-Modified = {2013-01-29 22:29:52 +0000},
	Organization = {IET},
	Pages = {247--52},
	Title = {Super-resolution Fourier transforms by optimisation, and ISAR imaging},
	Volume = {150},
	Year = {2003}}

@article{bourguignon2007irregular,
	Author = {Bourguignon, S. and Carfantan, H. and Idier, J.},
	Date-Added = {2012-12-02 20:44:34 +0000},
	Date-Modified = {2012-12-02 20:45:13 +0000},
	Journal = {IEEE Journal of Selected Topics in Signal Processing},
	Number = {4},
	Pages = {575--585},
	Publisher = {IEEE},
	Title = {A sparsity-based method for the estimation of spectral lines from irregularly sampled data},
	Volume = {1},
	Year = {2007}}

@inproceedings{chen98spectrum,
	Author = {Chen, S.S. and Donoho, DL},
	Booktitle = {Proc. IEEE Intl. Conference on Acoustics, Speech and Signal Processing},
	Date-Added = {2012-12-02 20:43:34 +0000},
	Date-Modified = {2013-01-29 22:39:14 +0000},
	Organization = {IEEE},
	Pages = {1865--1868},
	Title = {Application of basis pursuit in spectrum estimation},
	Volume = {3},
	Year = {1998}}

@article{malioutov05,
	Author = {Malioutov, D. and {\c{C}}etin, M. and Willsky, A.S.},
	Date-Added = {2012-12-02 20:35:43 +0000},
	Date-Modified = {2012-12-02 20:35:59 +0000},
	Journal = {IEEE Trans. on Signal Processing},
	Number = {8},
	Pages = {3010--3022},
	Publisher = {IEEE},
	Title = {A sparse signal reconstruction perspective for source localization with sensor arrays},
	Volume = {53},
	Year = {2005}}

@manual{SDPT3,
	Author = {K. C. Toh and M.J. Todd and R. H. T\"ut\"unc\"u},
	Date-Added = {2012-04-01 17:27:31 +0000},
	Date-Modified = {2012-04-01 17:27:31 +0000},
	Note = {Available from \texttt{http://www.math.nus.edu.sg/\~{}mattohkc/sdpt3.html}},
	Title = {{SDPT3}: A {MATLAB} software package for semidefinite-quadratic-linear programming}}

@article{sedumi,
	Author = {Jos F. Sturm},
	Date-Added = {2012-04-01 17:27:27 +0000},
	Date-Modified = {2012-04-01 17:27:27 +0000},
	Journal = {Optimization Methods and Software},
	Pages = {625-653},
	Title = {Using {SeDuMi} 1.02, a {MATLAB} toolbox for optimization over symmetric cones},
	Volume = {11-12},
	Year = {1999}}

@inproceedings{Megretski03,
	Author = {Alexandre Megretski},
	Booktitle = {Proc. 42nd {IEEE} Conference on Decision and Control},
	Date-Added = {2012-04-01 14:17:54 +0000},
	Date-Modified = {2012-04-01 14:18:50 +0000},
	Pages = {3814--3817},
	Title = {Positivity of trigonometric polynomials},
	Volume = {4},
	Year = {2003}}

@article{Natarajan95,
	Author = {B.~K.~Natarajan},
	Date-Added = {2012-04-01 01:28:00 +0000},
	Date-Modified = {2012-04-01 01:28:00 +0000},
	Journal = {SIAM Journal of Computing},
	Number = {2},
	Pages = {227--234},
	Title = {Sparse Approximate Solutions to Linear Systems},
	Volume = {24},
	Year = {1995}}

@incollection{Davidson01,
	Author = {Kenneth R.~Davidson and Stanislaw J.~Szarek},
	Booktitle = {Handbook on the Geometry of Banach spaces},
	Date-Added = {2012-03-31 20:28:45 +0000},
	Date-Modified = {2012-03-31 20:28:45 +0000},
	Editor = {W.~B.~Johnson and J.~Lindenstrauss},
	Pages = {317--366},
	Publisher = {Elsevier Scientific},
	Title = {Local Operator Theory, Random Matrices and {Banach} Spaces},
	Year = {2001}}

@article{Donoho94,
	Author = {David L.~Donoho and Iain M.~Johnstone},
	Date-Added = {2012-03-31 20:06:08 +0000},
	Date-Modified = {2012-03-31 20:06:08 +0000},
	Journal = {Biometrika},
	Number = {3},
	Pages = {425--455},
	Title = {Ideal Spatial Adaptation by Wavelet Shrinkage},
	Volume = {81},
	Year = {1994}}

@article{Dumitrescu05,
	Author = {Bogdan Dumitrescu},
	Date-Added = {2012-03-31 18:59:42 +0000},
	Date-Modified = {2012-03-31 19:00:37 +0000},
	Journal = {Signal Processing Letters},
	Number = {7},
	Pages = {496--499},
	Title = {Bounded Real Lemma for {FIR} {MIMO} Systems},
	Volume = {12},
	Year = {2005}}

@book{BertsekasParallelBook,
	Address = {Belmont, MA},
	Author = {Dimitri P.~Bertsekas and John~N.~Tsitsiklis},
	Date-Added = {2012-03-31 18:41:52 +0000},
	Date-Modified = {2012-03-31 18:41:52 +0000},
	Publisher = {Athena Scientific},
	Title = {Parallel and Distributed Computation: Numerical Methods},
	Year = {1997}}

@article{donoho1995noising,
	Author = {Donoho, D.L.},
	Date-Added = {2012-03-27 05:31:07 +0000},
	Date-Modified = {2012-03-27 05:31:07 +0000},
	Journal = {IEEE Trans. on Information Theory},
	Number = {3},
	Pages = {613--627},
	Publisher = {IEEE},
	Title = {De-noising by soft-thresholding},
	Volume = {41},
	Year = {1995}}

@article{bertsekas03,
	Author = {Bertsekas, D.P. and Nedi, A. and Ozdaglar, A.E.},
	Date-Added = {2011-06-10 16:12:23 -0500},
	Date-Modified = {2011-06-10 16:40:44 -0500},
	Pages = {152},
	Publisher = {Athena Scientific},
	Title = {Convex analysis and optimization},
	Year = {2003}}

@article{potts,
	Author = {Potts, D. and Tasche, M.},
	Date-Added = {2011-05-15 05:02:13 -0500},
	Date-Modified = {2011-07-05 16:15:49 -0500},
	Journal = {Signal Processing},
	Number = {5},
	Pages = {1631--1642},
	Publisher = {Elsevier},
	Title = {Parameter estimation for exponential sums by approximate {Prony} method},
	Volume = {90},
	Year = {2010}}

@book{Zhou95,
	Address = {New Jersey},
	Author = {K.~Zhou and J.~C.~Doyle and K.~Glover},
	Date-Added = {2011-05-14 15:56:10 -0500},
	Date-Modified = {2011-05-14 15:56:10 -0500},
	Publisher = {Prentice Hall},
	Title = {Robust and Optimal Control},
	Year = {1995}}

@book{PartingtonHankelBook,
	Author = {Jonathan R.~Partington},
	Date-Added = {2011-05-14 15:56:03 -0500},
	Date-Modified = {2011-05-14 15:56:03 -0500},
	Publisher = {Cambridge University Press},
	Title = {An Introduction to Hankel Operators},
	Year = {1989}}

@article{Glover84,
	Author = {Keith Glover},
	Date-Added = {2011-05-14 15:55:52 -0500},
	Date-Modified = {2011-05-14 15:55:52 -0500},
	Journal = {Intl. Journal of Control},
	Pages = {1115-1193},
	Title = {All optimal Hankel-norm approximations of linear multivariable systems and their $\mathcal{L}_\infty$-error bounds},
	Volume = {39},
	Year = {1984}}

@article{CRT06,
	Author = {E. J. Cand{\`e}s and J. Romberg and T. Tao},
	Coden = {IETTAW},
	Date-Added = {2011-05-14 15:32:53 -0500},
	Date-Modified = {2011-05-14 15:32:53 -0500},
	Fjournal = {IEEE Trans. on Information Theory},
	Issn = {0018-9448},
	Journal = {IEEE Trans. Inform. Theory},
	Mrclass = {94A13 (90C46 94A12 94A20)},
	Mrnumber = {MR2236170 (2007e:94020)},
	Mrreviewer = {L. L. Campbell},
	Number = {2},
	Pages = {489--509},
	Title = {Robust uncertainty principles: exact signal reconstruction from highly incomplete frequency information},
	Volume = {52},
	Year = {2006}}

@article{DonohoCS,
	Author = {D. L. Donoho},
	Coden = {IETTAW},
	Date-Added = {2011-05-14 15:32:39 -0500},
	Date-Modified = {2011-05-14 15:32:39 -0500},
	Fjournal = {Institute of Electrical and Electronics Engineers. Trans. on Information Theory},
	Issn = {0018-9448},
	Journal = {IEEE Trans. Inform. Theory},
	Number = {4},
	Pages = {1289--1306},
	Title = {Compressed sensing},
	Volume = {52},
	Year = {2006}}

@article{CandesRecht09,
	Author = {Emmanuel Cand\`es and Benjamin Recht},
	Date-Added = {2011-05-14 15:32:21 -0500},
	Date-Modified = {2011-05-14 15:32:21 -0500},
	Journal = {Foundations of Computational Mathematics},
	Number = {6},
	Pages = {717--772},
	Title = {Exact Matrix Completion via Convex Optimization},
	Volume = {9},
	Year = {2009}}

@article{esprit,
	Author = {Roy, R. and Kailath, T.},
	Date-Added = {2011-05-13 15:40:43 -0500},
	Date-Modified = {2011-07-05 16:14:50 -0500},
	Journal = {IEEE Trans. on Acoustics, Speech and Signal Processing},
	Number = {7},
	Pages = {984--995},
	Publisher = {IEEE},
	Title = {{ESPRIT} - estimation of signal parameters via rotational invariance techniques},
	Volume = {37},
	Year = {1989}}

@article{pisarenko,
	Author = {Pisarenko, VF},
	Date-Added = {2011-05-13 15:40:25 -0500},
	Date-Modified = {2011-05-13 15:40:32 -0500},
	Journal = {Geophysical Journal of the Royal Astronomical Society},
	Number = {3},
	Pages = {347--366},
	Publisher = {Wiley Online Library},
	Title = {The retrieval of harmonics from a covariance function},
	Volume = {33},
	Year = {1973}}

@article{arrays,
	Author = {Krim, H. and Viberg, M.},
	Date-Added = {2011-05-13 15:38:45 -0500},
	Date-Modified = {2011-05-13 15:38:50 -0500},
	Journal = {IEEE Signal Processing Magazine},
	Number = {4},
	Pages = {67--94},
	Publisher = {IEEE},
	Title = {Two decades of array signal processing research: the parametric approach},
	Volume = {13},
	Year = {1996}}

@article{power,
	Abstract = { Modern frequency power converters generate a wide spectrum of harmonic components. Large converters systems can also generate noncharacteristic harmonics and interharmonics. Standard tools of harmonic analysis based on the Fourier transform assume that only harmonics are present and the periodicity intervals are fixed, while periodicity intervals in the presence of interharmonics are variable and very long. A novel approach to harmonic and interharmonic analysis, based on the "subspace" methods, is proposed. Min-norm harmonic retrieval method is an example of high-resolution eigenstructure-based methods. The Prony method as applied for signal analysis was also tested for this purpose. Both high-resolution methods do not show the disadvantages of the traditional tools and allow exact estimation of the interharmonics frequencies. To investigate the methods several experiments were performed using simulated signals, current waveforms at the output of a simulated frequency converter, and current waveforms at the output of an industrial frequency converter. For comparison, similar experiments were repeated using the fast Fourier transform (FFT). The comparison proved the superiority of the new methods. However, their computation is much more complex than FFT.},
	Author = {Leonowicz, Z. and Lobos, T. and Rezmer, J.},
	Date-Added = {2011-05-13 15:23:08 -0500},
	Date-Modified = {2011-05-13 15:23:23 -0500},
	Doi = {10.1109/TIE.2003.812361},
	Issn = {0278-0046},
	Journal = {IEEE Trans. on Industrial Electronics},
	Month = {{june}},
	Number = {3},
	Pages = {514 - 519},
	Title = {Advanced spectrum estimation methods for signal analysis in power electronics},
	Volume = {50},
	Year = {2003},
	Bdsk-Url-1 = {http://dx.doi.org/10.1109/TIE.2003.812361}}

@article{nmr,
	Author = {Viti, V. and Petrucci, C. and Barone, P.},
	Date-Added = {2011-05-13 15:11:51 -0500},
	Date-Modified = {2011-07-05 16:14:03 -0500},
	Journal = {Intl. Journal of Imaging Systems and Technology},
	Number = {6},
	Pages = {565--571},
	Publisher = {Wiley Online Library},
	Title = {Prony methods in {NMR} spectroscopy},
	Volume = {8},
	Year = {1997}}

@article{uwb,
	Author = {Maravic, I. and Kusuma, J. and Vetterli, M.},
	Date-Added = {2011-05-13 15:08:20 -0500},
	Date-Modified = {2011-07-05 16:14:27 -0500},
	Journal = {Journal of Communications and Networks},
	Number = {4},
	Pages = {319--327},
	Publisher = {Citeseer},
	Title = {Low-sampling rate {UWB} channel characterization and synchronization},
	Volume = {5},
	Year = {2003}}

@article{imaging,
	Author = {Borcea, L. and Papanicolaou, G. and Tsogka, C. and Berryman, J.},
	Date-Added = {2011-05-13 15:04:33 -0500},
	Date-Modified = {2011-05-13 15:04:43 -0500},
	Journal = {Inverse Problems},
	Pages = {1247},
	Publisher = {IOP Publishing},
	Title = {Imaging and time reversal in random media},
	Volume = {18},
	Year = {2002}}

@article{music,
	Author = {Schmidt, R.},
	Date-Added = {2011-05-13 12:35:03 -0500},
	Date-Modified = {2011-05-13 15:33:16 -0500},
	Journal = {IEEE Trans. on Antennas and Propagation},
	Number = {3},
	Pages = {276--280},
	Publisher = {IEEE},
	Title = {Multiple emitter location and signal parameter estimation},
	Volume = {34},
	Year = {1986}}

@article{radar,
	Author = {Carriere, R. and Moses, R.L.},
	Date-Added = {2011-05-13 12:26:11 -0500},
	Date-Modified = {2011-07-05 16:15:31 -0500},
	Journal = {IEEE Trans. on Antennas and Propagation},
	Number = {1},
	Pages = {13--18},
	Publisher = {IEEE},
	Title = {High resolution radar target modeling using a modified {Prony} estimator},
	Volume = {40},
	Year = {1992}}

@article{dolanmore02,
	Author = {Dolan, E.D. and Mor{\'e}, J.J.},
	Date-Added = {2011-05-07 21:54:15 -0500},
	Date-Modified = {2011-05-07 21:54:34 -0500},
	Issn = {0025-5610},
	Journal = {Mathematical Programming},
	Number = {2},
	Pages = {201--213},
	Publisher = {Springer},
	Title = {Benchmarking optimization software with performance profiles},
	Volume = {91},
	Year = {2002}}

@article{greenshtein04,
	Author = {Greenshtein, E. and Ritov, Y.A.},
	Date-Added = {2011-04-10 12:56:21 -0500},
	Date-Modified = {2011-04-10 12:56:33 -0500},
	Issn = {1350-7265},
	Journal = {Bernoulli},
	Number = {6},
	Pages = {971--988},
	Publisher = {Bernoulli Society for Mathematical Statistics and Probability},
	Title = {Persistence in high-dimensional linear predictor selection and the virtue of overparametrization},
	Volume = {10},
	Year = {2004}}

@article{tibshirani96,
	Author = {Tibshirani, R.},
	Date-Added = {2011-04-10 10:42:34 -0500},
	Date-Modified = {2011-04-10 10:42:48 -0500},
	Issn = {0035-9246},
	Journal = {Journal of the Royal Statistical Society. Series B},
	Number = {1},
	Pages = {267--288},
	Publisher = {JSTOR},
	Title = {Regression shrinkage and selection via the lasso},
	Volume = {58},
	Year = {1996}}

@article{degeer,
	Author = {van de Geer, S. and B{\"u}hlmann, P.},
	Date-Added = {2011-04-05 19:55:57 -0500},
	Date-Modified = {2011-04-26 23:23:55 -0500},
	Journal = {Electronic Journal of Statistics},
	Pages = {1360--1392},
	Title = {{On the conditions used to prove oracle results for the lasso}},
	Volume = {3},
	Year = {2009}}

@article{baraniuk2010model,
	Author = {Baraniuk, R.G. and Cevher, V. and Duarte, M.F. and Hegde, C.},
	Date-Added = {2011-03-21 16:29:10 -0500},
	Date-Modified = {2011-03-21 16:29:10 -0500},
	Issn = {0018-9448},
	Journal = {IEEE Trans. on Information Theory},
	Number = {4},
	Pages = {1982--2001},
	Publisher = {IEEE},
	Title = {Model-based compressive sensing},
	Volume = {56},
	Year = {2010},
	Bdsk-File-1 = {YnBsaXN0MDDUAQIDBAUGJCVYJHZlcnNpb25YJG9iamVjdHNZJGFyY2hpdmVyVCR0b3ASAAGGoKgHCBMUFRYaIVUkbnVsbNMJCgsMDxJXTlMua2V5c1pOUy5vYmplY3RzViRjbGFzc6INDoACgAOiEBGABIAFgAdccmVsYXRpdmVQYXRoWWFsaWFzRGF0YV8QKC4uLy4uL0RvY3VtZW50cy9QYXBlcnMvQmFyYW5pdWsvMjAxMC5wZGbSFwsYGVdOUy5kYXRhTxEBiAAAAAABiAACAAAMTWFjaW50b3NoIEhEAAAAAAAAAAAAAAAAAAAAw+MAqkgrAAAAu33yCDIwMTAucGRmAAAAAAAAAAAAAAAAAAAAAAAAAAAAAAAAAAAAAAAAAAAAAAAAAAAAAAAAAAAAAAAAAAAAAAAAAAC7fefJrS1xAAAAAAAAAAAAAgAEAAAJIAAAAAAAAAAAAAAAAAAAAAhCYXJhbml1awAQAAgAAMPjVQoAAAARAAgAAMmtc8EAAAABABQAu33yALb7KwAKpEYACqQvAAB63AACADtNYWNpbnRvc2ggSEQ6VXNlcnM6YmFkcmk6RG9jdW1lbnRzOlBhcGVyczpCYXJhbml1azoyMDEwLnBkZgAADgASAAgAMgAwADEAMAAuAHAAZABmAA8AGgAMAE0AYQBjAGkAbgB0AG8AcwBoACAASABEABIALlVzZXJzL2JhZHJpL0RvY3VtZW50cy9QYXBlcnMvQmFyYW5pdWsvMjAxMC5wZGYAEwABLwAAFQACAAz//wAAgAbSGxwdHlokY2xhc3NuYW1lWCRjbGFzc2VzXU5TTXV0YWJsZURhdGGjHR8gVk5TRGF0YVhOU09iamVjdNIbHCIjXE5TRGljdGlvbmFyeaIiIF8QD05TS2V5ZWRBcmNoaXZlctEmJ1Ryb290gAEACAARABoAIwAtADIANwBAAEYATQBVAGAAZwBqAGwAbgBxAHMAdQB3AIQAjgC5AL4AxgJSAlQCWQJkAm0CewJ/AoYCjwKUAqECpAK2ArkCvgAAAAAAAAIBAAAAAAAAACgAAAAAAAAAAAAAAAAAAALA}}

@article{candes2010compressed,
	Author = {Candes, E.J. and Eldar, Y.C. and Needell, D. and Randall, P.},
	Date-Added = {2011-03-21 16:17:32 -0500},
	Date-Modified = {2011-03-21 16:17:32 -0500},
	Issn = {1063-5203},
	Journal = {Applied and Computational Harmonic Analysis},
	Publisher = {Elsevier},
	Title = {Compressed sensing with coherent and redundant dictionaries},
	Year = {2010},
	Bdsk-File-1 = {YnBsaXN0MDDUAQIDBAUGJCVYJHZlcnNpb25YJG9iamVjdHNZJGFyY2hpdmVyVCR0b3ASAAGGoKgHCBMUFRYaIVUkbnVsbNMJCgsMDxJXTlMua2V5c1pOUy5vYmplY3RzViRjbGFzc6INDoACgAOiEBGABIAFgAdccmVsYXRpdmVQYXRoWWFsaWFzRGF0YV8QJi4uLy4uL0RvY3VtZW50cy9QYXBlcnMvQ2FuZGVzLzIwMTAucGRm0hcLGBlXTlMuZGF0YU8RAYIAAAAAAYIAAgAADE1hY2ludG9zaCBIRAAAAAAAAAAAAAAAAAAAAMPjAKpIKwAAALt9rwgyMDEwLnBkZgAAAAAAAAAAAAAAAAAAAAAAAAAAAAAAAAAAAAAAAAAAAAAAAAAAAAAAAAAAAAAAAAAAAAAAAAAAu31dySL4EQAAAAAAAAAAAAIABAAACSAAAAAAAAAAAAAAAAAAAAAGQ2FuZGVzABAACAAAw+NVCgAAABEACAAAySNMcQAAAAEAFAC7fa8AtvsrAAqkRgAKpC8AAHrcAAIAOU1hY2ludG9zaCBIRDpVc2VyczpiYWRyaTpEb2N1bWVudHM6UGFwZXJzOkNhbmRlczoyMDEwLnBkZgAADgASAAgAMgAwADEAMAAuAHAAZABmAA8AGgAMAE0AYQBjAGkAbgB0AG8AcwBoACAASABEABIALFVzZXJzL2JhZHJpL0RvY3VtZW50cy9QYXBlcnMvQ2FuZGVzLzIwMTAucGRmABMAAS8AABUAAgAM//8AAIAG0hscHR5aJGNsYXNzbmFtZVgkY2xhc3Nlc11OU011dGFibGVEYXRhox0fIFZOU0RhdGFYTlNPYmplY3TSGxwiI1xOU0RpY3Rpb25hcnmiIiBfEA9OU0tleWVkQXJjaGl2ZXLRJidUcm9vdIABAAgAEQAaACMALQAyADcAQABGAE0AVQBgAGcAagBsAG4AcQBzAHUAdwCEAI4AtwC8AMQCSgJMAlECXAJlAnMCdwJ+AocCjAKZApwCrgKxArYAAAAAAAACAQAAAAAAAAAoAAAAAAAAAAAAAAAAAAACuA==}}

@article{donoho2006stable,
	Author = {Donoho, D.L. and Elad, M. and Temlyakov, V.N.},
	Date-Added = {2011-03-21 15:52:36 -0500},
	Date-Modified = {2011-03-21 15:52:36 -0500},
	Issn = {0018-9448},
	Journal = {IEEE Trans. on Information Theory},
	Number = {1},
	Pages = {6--18},
	Publisher = {IEEE},
	Title = {Stable recovery of sparse overcomplete representations in the presence of noise},
	Volume = {52},
	Year = {2006},
	Bdsk-File-1 = {YnBsaXN0MDDUAQIDBAUGJCVYJHZlcnNpb25YJG9iamVjdHNZJGFyY2hpdmVyVCR0b3ASAAGGoKgHCBMUFRYaIVUkbnVsbNMJCgsMDxJXTlMua2V5c1pOUy5vYmplY3RzViRjbGFzc6INDoACgAOiEBGABIAFgAdccmVsYXRpdmVQYXRoWWFsaWFzRGF0YV8QJi4uLy4uL0RvY3VtZW50cy9QYXBlcnMvRG9ub2hvLzIwMDYucGRm0hcLGBlXTlMuZGF0YU8RAYIAAAAAAYIAAgAADE1hY2ludG9zaCBIRAAAAAAAAAAAAAAAAAAAAMPjAKpIKwAAALt8RAgyMDA2LnBkZgAAAAAAAAAAAAAAAAAAAAAAAAAAAAAAAAAAAAAAAAAAAAAAAAAAAAAAAAAAAAAAAAAAAAAAAAAAu3wiya0k2QAAAAAAAAAAAAIABAAACSAAAAAAAAAAAAAAAAAAAAAGRG9ub2hvABAACAAAw+NVCgAAABEACAAAya1rKQAAAAEAFAC7fEQAtvsrAAqkRgAKpC8AAHrcAAIAOU1hY2ludG9zaCBIRDpVc2VyczpiYWRyaTpEb2N1bWVudHM6UGFwZXJzOkRvbm9obzoyMDA2LnBkZgAADgASAAgAMgAwADAANgAuAHAAZABmAA8AGgAMAE0AYQBjAGkAbgB0AG8AcwBoACAASABEABIALFVzZXJzL2JhZHJpL0RvY3VtZW50cy9QYXBlcnMvRG9ub2hvLzIwMDYucGRmABMAAS8AABUAAgAM//8AAIAG0hscHR5aJGNsYXNzbmFtZVgkY2xhc3Nlc11OU011dGFibGVEYXRhox0fIFZOU0RhdGFYTlNPYmplY3TSGxwiI1xOU0RpY3Rpb25hcnmiIiBfEA9OU0tleWVkQXJjaGl2ZXLRJidUcm9vdIABAAgAEQAaACMALQAyADcAQABGAE0AVQBgAGcAagBsAG4AcQBzAHUAdwCEAI4AtwC8AMQCSgJMAlECXAJlAnMCdwJ+AocCjAKZApwCrgKxArYAAAAAAAACAQAAAAAAAAAoAAAAAAAAAAAAAAAAAAACuA==}}

@article{lu2008theory,
	Author = {Lu, Y.M. and Do, M.N.},
	Date-Added = {2011-03-21 15:42:42 -0500},
	Date-Modified = {2011-03-21 15:42:42 -0500},
	Issn = {1053-587X},
	Journal = {IEEE Trans. on Signal Processing},
	Number = {6},
	Pages = {2334--2345},
	Publisher = {IEEE},
	Title = {A theory for sampling signals from a union of subspaces},
	Volume = {56},
	Year = {2008},
	Bdsk-File-1 = {YnBsaXN0MDDUAQIDBAUGJCVYJHZlcnNpb25YJG9iamVjdHNZJGFyY2hpdmVyVCR0b3ASAAGGoKgHCBMUFRYaIVUkbnVsbNMJCgsMDxJXTlMua2V5c1pOUy5vYmplY3RzViRjbGFzc6INDoACgAOiEBGABIAFgAdccmVsYXRpdmVQYXRoWWFsaWFzRGF0YV8QIi4uLy4uL0RvY3VtZW50cy9QYXBlcnMvTHUvMjAwOC5wZGbSFwsYGVdOUy5kYXRhTxEBdgAAAAABdgACAAAMTWFjaW50b3NoIEhEAAAAAAAAAAAAAAAAAAAAw+MAqkgrAAAAu3uDCDIwMDgucGRmAAAAAAAAAAAAAAAAAAAAAAAAAAAAAAAAAAAAAAAAAAAAAAAAAAAAAAAAAAAAAAAAAAAAAAAAAAC7e3zJrSJoAAAAAAAAAAAAAgAEAAAJIAAAAAAAAAAAAAAAAAAAAAJMdQAQAAgAAMPjVQoAAAARAAgAAMmtaLgAAAABABQAu3uDALb7KwAKpEYACqQvAAB63AACADVNYWNpbnRvc2ggSEQ6VXNlcnM6YmFkcmk6RG9jdW1lbnRzOlBhcGVyczpMdToyMDA4LnBkZgAADgASAAgAMgAwADAAOAAuAHAAZABmAA8AGgAMAE0AYQBjAGkAbgB0AG8AcwBoACAASABEABIAKFVzZXJzL2JhZHJpL0RvY3VtZW50cy9QYXBlcnMvTHUvMjAwOC5wZGYAEwABLwAAFQACAAz//wAAgAbSGxwdHlokY2xhc3NuYW1lWCRjbGFzc2VzXU5TTXV0YWJsZURhdGGjHR8gVk5TRGF0YVhOU09iamVjdNIbHCIjXE5TRGljdGlvbmFyeaIiIF8QD05TS2V5ZWRBcmNoaXZlctEmJ1Ryb290gAEACAARABoAIwAtADIANwBAAEYATQBVAGAAZwBqAGwAbgBxAHMAdQB3AIQAjgCzALgAwAI6AjwCQQJMAlUCYwJnAm4CdwJ8AokCjAKeAqECpgAAAAAAAAIBAAAAAAAAACgAAAAAAAAAAAAAAAAAAAKo}}

@article{tropp2010beyond,
	Author = {Tropp, J.A. and Laska, J.N. and Duarte, M.F. and Romberg, J.K. and Baraniuk, R.G.},
	Date-Added = {2011-03-21 15:39:57 -0500},
	Date-Modified = {2011-03-21 15:39:57 -0500},
	Issn = {0018-9448},
	Journal = {IEEE Trans. on Information Theory},
	Number = {1},
	Pages = {520--544},
	Publisher = {IEEE},
	Title = {Beyond Nyquist: Efficient sampling of sparse bandlimited signals},
	Volume = {56},
	Year = {2010},
	Bdsk-File-1 = {YnBsaXN0MDDUAQIDBAUGJCVYJHZlcnNpb25YJG9iamVjdHNZJGFyY2hpdmVyVCR0b3ASAAGGoKgHCBMUFRYaIVUkbnVsbNMJCgsMDxJXTlMua2V5c1pOUy5vYmplY3RzViRjbGFzc6INDoACgAOiEBGABIAFgAdccmVsYXRpdmVQYXRoWWFsaWFzRGF0YV8QJS4uLy4uL0RvY3VtZW50cy9QYXBlcnMvVHJvcHAvMjAxMC5wZGbSFwsYGVdOUy5kYXRhTxEBgAAAAAABgAACAAAMTWFjaW50b3NoIEhEAAAAAAAAAAAAAAAAAAAAw+MAqkgrAAAAu3tFCDIwMTAucGRmAAAAAAAAAAAAAAAAAAAAAAAAAAAAAAAAAAAAAAAAAAAAAAAAAAAAAAAAAAAAAAAAAAAAAAAAAAC7egTJrR5EAAAAAAAAAAAAAgAEAAAJIAAAAAAAAAAAAAAAAAAAAAVUcm9wcAAAEAAIAADD41UKAAAAEQAIAADJrWSUAAAAAQAUALt7RQC2+ysACqRGAAqkLwAAetwAAgA4TWFjaW50b3NoIEhEOlVzZXJzOmJhZHJpOkRvY3VtZW50czpQYXBlcnM6VHJvcHA6MjAxMC5wZGYADgASAAgAMgAwADEAMAAuAHAAZABmAA8AGgAMAE0AYQBjAGkAbgB0AG8AcwBoACAASABEABIAK1VzZXJzL2JhZHJpL0RvY3VtZW50cy9QYXBlcnMvVHJvcHAvMjAxMC5wZGYAABMAAS8AABUAAgAM//8AAIAG0hscHR5aJGNsYXNzbmFtZVgkY2xhc3Nlc11OU011dGFibGVEYXRhox0fIFZOU0RhdGFYTlNPYmplY3TSGxwiI1xOU0RpY3Rpb25hcnmiIiBfEA9OU0tleWVkQXJjaGl2ZXLRJidUcm9vdIABAAgAEQAaACMALQAyADcAQABGAE0AVQBgAGcAagBsAG4AcQBzAHUAdwCEAI4AtgC7AMMCRwJJAk4CWQJiAnACdAJ7AoQCiQKWApkCqwKuArMAAAAAAAACAQAAAAAAAAAoAAAAAAAAAAAAAAAAAAACtQ==}}

@book{horn90,
	Author = {Horn, R.A. and Johnson, C.R.},
	Date-Added = {2011-03-09 06:02:33 -0600},
	Date-Modified = {2011-03-09 06:02:43 -0600},
	Isbn = {0521386322},
	Publisher = {Cambridge Univ Pr},
	Title = {{Matrix analysis}},
	Year = {1990}}

@book{talagrand05,
	Author = {Talagrand, M.},
	Date-Added = {2011-03-08 13:30:31 -0600},
	Date-Modified = {2011-03-08 13:30:44 -0600},
	Isbn = {3540245189},
	Publisher = {Springer},
	Title = {{The generic chaining}},
	Year = {2005}}

@article{Curto97,
	Author = {RE Curto},
	Date-Added = {2011-03-07 09:30:22 -0700},
	Date-Modified = {2011-07-05 16:13:37 -0500},
	Journal = {Banach Center Publications},
	Pages = {75--104},
	Rating = {0},
	Read = {0},
	Title = {An operator-theoretic approach to truncated moment problems},
	Volume = {38},
	Year = {1997},
	Bdsk-File-1 = {YnBsaXN0MDDUAQIDBAUGJCVYJHZlcnNpb25YJG9iamVjdHNZJGFyY2hpdmVyVCR0b3ASAAGGoKgHCBMUFRYaIVUkbnVsbNMJCgsMDxJXTlMua2V5c1pOUy5vYmplY3RzViRjbGFzc6INDoACgAOiEBGABIAFgAdccmVsYXRpdmVQYXRoWWFsaWFzRGF0YV8QOy4uLy4uLy4uL0RvY3VtZW50cy9pUGFwZXJzL1BhcGVycy8xOTk3L0N1cnRvLzE5OTctQ3VydG8ucGRm0hcLGBlXTlMuZGF0YU8RAcQAAAAAAcQAAgAADE1hY2ludG9zaCBIRAAAAAAAAAAAAAAAAAAAAMq48QRIKwAAABgRrw4xOTk3LUN1cnRvLnBkZgAAAAAAAAAAAAAAAAAAAAAAAAAAAAAAAAAAAAAAAAAAAAAAAAAAAAAAAAAAAAAAAAAAGmbYxvT9awAAAAAAAAAAAAMABgAACSAAAAAAAAAAAAAAAAAAAAAFQ3VydG8AABAACAAAyrk3VAAAABEACAAAxvVDuwAAAAEAHAAYEa8AGAhrABgDmgAYA4UACGY7AAhmOQAAwCMAAgBTTWFjaW50b3NoIEhEOlVzZXJzOgBicmVjaHQ6AERvY3VtZW50czoAaVBhcGVyczoAUGFwZXJzOgAxOTk3OgBDdXJ0bzoAMTk5Ny1DdXJ0by5wZGYAAA4AHgAOADEAOQA5ADcALQBDAHUAcgB0AG8ALgBwAGQAZgAPABoADABNAGEAYwBpAG4AdABvAHMAaAAgAEgARAASAD9Vc2Vycy9icmVjaHQvRG9jdW1lbnRzL2lQYXBlcnMvUGFwZXJzLzE5OTcvQ3VydG8vMTk5Ny1DdXJ0by5wZGYAABMAAS8AABUAAgAN//8AAIAG0hscHR5aJGNsYXNzbmFtZVgkY2xhc3Nlc11OU011dGFibGVEYXRhox0fIFZOU0RhdGFYTlNPYmplY3TSGxwiI1xOU0RpY3Rpb25hcnmiIiBfEA9OU0tleWVkQXJjaGl2ZXLRJidUcm9vdIABAAgAEQAaACMALQAyADcAQABGAE0AVQBgAGcAagBsAG4AcQBzAHUAdwCEAI4AzADRANkCoQKjAqgCswK8AsoCzgLVAt4C4wLwAvMDBQMIAw0AAAAAAAACAQAAAAAAAAAoAAAAAAAAAAAAAAAAAAADDw==}}

@article{dangelo08,
	Author = {John P D'Angelo and Mihai Putinar},
	Date-Added = {2011-03-07 09:30:22 -0700},
	Date-Modified = {2011-04-10 17:43:53 -0500},
	Month = {Jul},
	Pages = {1--14},
	Rating = {0},
	Title = {Polynomial Optimization on Odd-dimensional Spheres},
	Year = {2008},
	Bdsk-File-1 = {YnBsaXN0MDDUAQIDBAUGJCVYJHZlcnNpb25YJG9iamVjdHNZJGFyY2hpdmVyVCR0b3ASAAGGoKgHCBMUFRYaIVUkbnVsbNMJCgsMDxJXTlMua2V5c1pOUy5vYmplY3RzViRjbGFzc6INDoACgAOiEBGABIAFgAdccmVsYXRpdmVQYXRoWWFsaWFzRGF0YV8QQS4uLy4uLy4uL0RvY3VtZW50cy9pUGFwZXJzL1BhcGVycy8yMDA4L0QnQW5nZWxvLzIwMDgtRCdBbmdlbG8ucGRm0hcLGBlXTlMuZGF0YU8RAdgAAAAAAdgAAgAADE1hY2ludG9zaCBIRAAAAAAAAAAAAAAAAAAAAMq48QRIKwAAABgSTREyMDA4LUQnQW5nZWxvLnBkZgAAAAAAAAAAAAAAAAAAAAAAAAAAAAAAAAAAAAAAAAAAAAAAAAAAAAAAAAAAAAAAGms4xZJHTgAAAAAAAAAAAAMABgAACSAAAAAAAAAAAAAAAAAAAAAIRCdBbmdlbG8AEAAIAADKuTdUAAAAEQAIAADFkpuuAAAAAQAcABgSTQAYCHcAGAOaABgDhQAIZjsACGY5AADAIwACAFlNYWNpbnRvc2ggSEQ6VXNlcnM6AGJyZWNodDoARG9jdW1lbnRzOgBpUGFwZXJzOgBQYXBlcnM6ADIwMDg6AEQnQW5nZWxvOgAyMDA4LUQnQW5nZWxvLnBkZgAADgAkABEAMgAwADAAOAAtAEQAJwBBAG4AZwBlAGwAbwAuAHAAZABmAA8AGgAMAE0AYQBjAGkAbgB0AG8AcwBoACAASABEABIARVVzZXJzL2JyZWNodC9Eb2N1bWVudHMvaVBhcGVycy9QYXBlcnMvMjAwOC9EJ0FuZ2Vsby8yMDA4LUQnQW5nZWxvLnBkZgAAEwABLwAAFQACAA3//wAAgAbSGxwdHlokY2xhc3NuYW1lWCRjbGFzc2VzXU5TTXV0YWJsZURhdGGjHR8gVk5TRGF0YVhOU09iamVjdNIbHCIjXE5TRGljdGlvbmFyeaIiIF8QD05TS2V5ZWRBcmNoaXZlctEmJ1Ryb290gAEACAARABoAIwAtADIANwBAAEYATQBVAGAAZwBqAGwAbgBxAHMAdQB3AIQAjgDSANcA3wK7Ar0CwgLNAtYC5ALoAu8C+AL9AwoDDQMfAyIDJwAAAAAAAAIBAAAAAAAAACgAAAAAAAAAAAAAAAAAAAMp}}

@article{candes06,
	Author = {Cand\`es, E.J. and Rombergh, J.K and Tao, T.},
	Date-Added = {2011-03-07 08:29:00 -0600},
	Date-Modified = {2013-01-29 22:58:00 +0000},
	Issn = {0010-3640},
	Journal = {Comm. on Pure and Applied Mathematics},
	Number = {8},
	Pages = {1207--1223},
	Publisher = {Wiley},
	Title = {Stable signal recovery from incomplete and inaccurate measurements},
	Volume = {59},
	Year = {2006}}

@article{recht07,
	Author = {Recht, B. and Fazel, M. and Parrilo, P.A.},
	Date-Added = {2011-03-07 08:27:30 -0600},
	Date-Modified = {2011-03-07 08:27:44 -0600},
	Journal = {preprint},
	Title = {{Guaranteed minimum-rank solutions of linear matrix equations via nuclear norm minimization}},
	Year = {2007}}

@article{romberg2005stable,
	Author = {Romberg, E.C.J. and Tao, T.},
	Date-Added = {2011-03-07 08:26:59 -0600},
	Date-Modified = {2011-03-07 08:26:59 -0600},
	Journal = {Communications of Pure and Applied Mathematics},
	Pages = {1207--1223},
	Title = {Stable signal recovery from incomplete and inaccurate measurements},
	Volume = {59},
	Year = {2005}}

@article{donoho06,
	Author = {Donoho, D.L.},
	Date-Added = {2011-03-07 08:23:22 -0600},
	Date-Modified = {2011-03-07 08:23:28 -0600},
	Issn = {0018-9448},
	Journal = {IEEE Trans. on Information Theory},
	Number = {4},
	Pages = {1289--1306},
	Publisher = {IEEE},
	Title = {{Compressed sensing}},
	Volume = {52},
	Year = {2006}}

@article{atzmon75,
	Author = {Atzmon, A.},
	Date-Added = {2011-03-07 08:07:38 -0600},
	Date-Modified = {2011-03-07 08:07:44 -0600},
	Issn = {0030-8730},
	Journal = {Pacific Journal of Mathematics},
	Number = {2},
	Pages = {317--325},
	Publisher = {Pacific Journal of Mathematics},
	Title = {{A moment problem for positive measures on the unit disc.}},
	Volume = {59},
	Year = {1975}}

@book{akhiezer65,
	Author = {Akhiezer, N.I.},
	Date-Added = {2011-03-07 08:06:53 -0600},
	Date-Modified = {2011-03-07 08:06:59 -0600},
	Publisher = {Oliver \& Boyd},
	Title = {{The classical moment problem: and some related questions in analysis}},
	Year = {1965}}

@article{geronimus46,
	Author = {Geronimus, J.},
	Date-Added = {2011-03-07 08:06:17 -0600},
	Date-Modified = {2011-03-07 08:06:36 -0600},
	Issn = {0003-486X},
	Journal = {Annals of Mathematics},
	Number = {4},
	Pages = {742--761},
	Publisher = {JSTOR},
	Title = {{On the trigonometric moment problem}},
	Volume = {47},
	Year = {1946}}

@article{schaeffer41,
	Author = {Schaeffer, AC},
	Date-Added = {2011-03-07 08:02:56 -0600},
	Date-Modified = {2011-03-07 08:03:03 -0600},
	Journal = {Bull. Amer. Math. Soc},
	Pages = {565--579},
	Title = {{Inequalities of A. Markoff and S. Bernstein for polynomials and related functions}},
	Volume = {47},
	Year = {1941}}

@article{wright09,
	Author = {Stephen J.~Wright and Robert D.~Nowak and Mario A.~T.~Figueiredo},
	Date-Added = {2011-03-07 07:59:12 -0600},
	Date-Modified = {2012-03-31 19:02:51 +0000},
	Journal = {IEEE Trans. on Signal Processing},
	Number = {7},
	Pages = {2479--2493},
	Title = {{Sparse reconstruction by separable approximation}},
	Volume = {57},
	Year = {2009}}

@book{grenander01,
	Author = {Grenander, U. and Szeg{\H{o}}, G.},
	Date-Added = {2011-03-07 07:57:04 -0600},
	Date-Modified = {2011-03-07 07:57:43 -0600},
	Isbn = {0821828444},
	Publisher = {Chelsea Pub Co},
	Title = {{Toeplitz forms and their applications}},
	Year = {2001}}

@article{rockafellar76,
	Author = {Rockafellar, R.T.},
	Date-Added = {2011-03-07 07:54:39 -0600},
	Date-Modified = {2011-03-07 07:54:45 -0600},
	Journal = {SlAM Journal on Control and Optimization},
	Pages = {877--898},
	Title = {{Monotone operators and proximal point algorithm}},
	Volume = {14},
	Year = {1976}}

@article{dudley67,
	Author = {Dudley, RM},
	Date-Added = {2011-03-07 07:52:04 -0600},
	Date-Modified = {2011-03-07 07:52:10 -0600},
	Issn = {0022-1236},
	Journal = {Journal of Functional Analysis},
	Number = {3},
	Pages = {290--330},
	Publisher = {Elsevier},
	Title = {{The sizes of compact subsets of Hilbert space and continuity of Gaussian processes}},
	Volume = {1},
	Year = {1967}}

@article{dudley2010,
	Author = {Dudley, RM},
	Date-Added = {2011-03-07 07:51:06 -0600},
	Date-Modified = {2011-03-07 07:51:19 -0600},
	Journal = {Selected Works of RM Dudley},
	Pages = {125--165},
	Publisher = {Springer},
	Title = {{The sizes of compact subsets of Hilbert space and continuity of Gaussian processes}},
	Year = {2010}}

@article{fan53,
	Author = {Fan, K.},
	Date-Added = {2011-03-07 07:44:18 -0600},
	Date-Modified = {2011-03-07 07:44:24 -0600},
	Journal = {Proc. of the National Academy of Sciences},
	Number = {1},
	Pages = {42},
	Publisher = {National Academy of Sciences},
	Title = {{Minimax theorems}},
	Volume = {39},
	Year = {1953}}

@article{prony1795,
	Author = {Prony, R.},
	Date-Added = {2011-03-07 07:38:49 -0600},
	Date-Modified = {2011-03-07 07:38:55 -0600},
	Journal = {J. Ec. Polytech.(Paris)},
	Pages = {24--76},
	Title = {{Essai experimental et analytique}},
	Volume = {2},
	Year = {1795}}

@article{kay05,
	Author = {Kay, S.M. and Marple Jr, S.L.},
	Date-Added = {2011-03-07 07:36:06 -0600},
	Date-Modified = {2011-03-07 07:36:13 -0600},
	Issn = {0018-9219},
	Journal = {Proc. of the IEEE},
	Number = {11},
	Pages = {1380--1419},
	Publisher = {IEEE},
	Title = {{Spectrum analysis---a modern perspective}},
	Volume = {69},
	Year = {1981}}

@article{blu08,
	Author = {Blu, T. and Dragotti, P.L. and Vetterli, M. and Marziliano, P. and Coulot, L.},
	Date-Added = {2011-03-07 07:30:59 -0600},
	Date-Modified = {2011-03-07 07:31:08 -0600},
	Issn = {1053-5888},
	Journal = {IEEE Signal Processing Magazine},
	Number = {2},
	Pages = {31--40},
	Publisher = {IEEE},
	Title = {{Sparse sampling of signal innovations}},
	Volume = {25},
	Year = {2008}}

@article{dragotti07,
	Author = {Dragotti, P.L. and Vetterli, M. and Blu, T.},
	Date-Added = {2011-03-07 07:17:01 -0600},
	Date-Modified = {2011-03-07 07:31:28 -0600},
	Issn = {1053-587X},
	Journal = {IEEE Trans. on Signal Processing},
	Number = {5},
	Pages = {1741--1757},
	Publisher = {IEEE},
	Title = {Sampling moments and reconstructing signals of finite rate of innovation: Shannon meets Strang--Fix},
	Volume = {55},
	Year = {2007}}

@conference{hormati08,
	Author = {Hormati, A. and Vetterli, M.},
	Booktitle = {IEEE Intl. Conference on Acoustics, Speech and Signal Processing},
	Date-Added = {2011-03-07 07:11:15 -0600},
	Date-Modified = {2011-03-07 07:16:24 -0600},
	Issn = {1520-6149},
	Organization = {IEEE},
	Pages = {5141--5144},
	Title = {Distributed compressed sensing: Sparsity models and reconstruction algorithms using annihilating filter},
	Year = {2008}}

@article{cadzow02,
	Author = {Cadzow, JA},
	Date-Added = {2011-03-07 07:09:18 -0600},
	Date-Modified = {2012-12-11 22:23:47 +0000},
	Issn = {0096-3518},
	Journal = {IEEE Trans. on Acoustics, Speech and Signal Processing},
	Number = {1},
	Pages = {49--62},
	Publisher = {IEEE},
	Title = {Signal enhancement-a composite property mapping algorithm},
	Volume = {36},
	Year = {1988}}

@article{cadzow05,
	Author = {Cadzow, J.A.},
	Date-Added = {2011-03-07 07:09:18 -0600},
	Date-Modified = {2011-03-07 07:09:37 -0600},
	Issn = {0018-9219},
	Journal = {Proc. of the IEEE},
	Number = {9},
	Pages = {907--939},
	Publisher = {IEEE},
	Title = {Spectral estimation: An overdetermined rational model equation approach},
	Volume = {70},
	Year = {2005}}

@article{rahman03,
	Author = {Rahman, MD and Yu, K.B.},
	Date-Added = {2011-03-07 07:07:27 -0600},
	Date-Modified = {2011-03-07 07:07:35 -0600},
	Issn = {0096-3518},
	Journal = {IEEE Trans. on Acoustics, Speech and Signal Processing},
	Number = {10},
	Pages = {1440--1454},
	Publisher = {IEEE},
	Title = {Total least squares approach for frequency estimation using linear prediction},
	Volume = {35},
	Year = {2003}}

@article{akaike69,
	Author = {Akaike, H.},
	Date-Added = {2011-03-07 07:05:54 -0600},
	Date-Modified = {2011-03-07 07:06:09 -0600},
	Issn = {0020-3157},
	Journal = {Annals of the Institute of Statistical Mathematics},
	Number = {1},
	Pages = {243--247},
	Publisher = {Springer},
	Title = {Fitting autoregressive models for prediction},
	Volume = {21},
	Year = {1969}}

@article{tufts05,
	Author = {Tufts, D.W. and Kumaresan, R.},
	Date-Added = {2011-03-07 07:04:47 -0600},
	Date-Modified = {2011-03-07 07:04:57 -0600},
	Issn = {0018-9219},
	Journal = {Proc. of the IEEE},
	Number = {9},
	Pages = {975--989},
	Publisher = {IEEE},
	Title = {Estimation of frequencies of multiple sinusoids: Making linear prediction perform like maximum likelihood},
	Volume = {70},
	Year = {2005}}

@article{hua02,
	Author = {Hua, Y. and Sarkar, TK},
	Date-Added = {2011-03-07 07:03:16 -0600},
	Date-Modified = {2012-12-11 22:20:57 +0000},
	Issn = {0096-3518},
	Journal = {IEEE Trans. on Acoustics, Speech and Signal Processing},
	Number = {5},
	Pages = {814--824},
	Publisher = {IEEE},
	Title = {Matrix pencil method for estimating parameters of exponentially damped/undamped sinusoids in noise},
	Volume = {38},
	Year = {1990}}

@article{osborne1991modified,
	Author = {Osborne, MR and Smyth, G.K.},
	Date-Added = {2011-03-07 04:03:44 -0600},
	Date-Modified = {2011-07-05 16:15:16 -0500},
	Journal = {SIAM Journal on Scientific and Statistical Computing},
	Pages = {362},
	Title = {A modified {Prony} algorithm for fitting functions defined by difference equations},
	Volume = {12},
	Year = {1991}}

@article{stoica93,
	Author = {Stoica, P.},
	Date-Added = {2011-03-07 03:32:36 -0600},
	Date-Modified = {2011-03-07 03:32:46 -0600},
	Issn = {0165-1684},
	Journal = {Signal Processing},
	Number = {3},
	Pages = {329--340},
	Publisher = {Elsevier},
	Title = {List of references on spectral line analysis},
	Volume = {31},
	Year = {1993}}

@article{kahn92,
	Author = {Kahn, MH and Mackisack, MS and Osborne, MR and Smyth, GK},
	Date-Added = {2011-03-07 03:13:48 -0600},
	Date-Modified = {2011-07-05 16:15:40 -0500},
	Issn = {1061-8600},
	Journal = {Journal of Computational and Graphical Statistics},
	Number = {4},
	Pages = {329--349},
	Publisher = {JSTOR},
	Title = {On the consistency of {Prony}'s method and related algorithms},
	Volume = {1},
	Year = {1992}}

@article{deo72,
	Author = {Deo, C.M.},
	Date-Added = {2011-03-02 10:11:12 -0600},
	Date-Modified = {2011-03-02 10:49:28 -0600},
	Issn = {0581-572X},
	Journal = {Sankhy{\=a}: The Indian Journal of Statistics, Series A},
	Number = {3},
	Pages = {289--292},
	Publisher = {JSTOR},
	Title = {Some limit theorems for maxima of absolute values of gaussian sequences},
	Volume = {34},
	Year = {1972}}

@article{lr76,
	Author = {Lai, TL and Robbins, H.},
	Date-Added = {2011-03-02 08:34:01 -0600},
	Date-Modified = {2011-03-02 08:34:23 -0600},
	Journal = {Proc. of the National Academy of Sciences},
	Number = {2},
	Pages = {286},
	Publisher = {National Acad Sciences},
	Title = {Maximally dependent random variables},
	Volume = {73},
	Year = {1976}}

@book{brl2007,
	Address = {Netherlands},
	Author = {B. A. Dumitrescu},
	Publisher = {Springer},
	Title = {Positive Trigonometric Polynomials and Signal Processing Applications},
	Year = {2007}}

@article{admm2011,
	Author = {S.~Boyd and N.~Parikh and E.~Chu, B.~Peleato and J.~Eckstein},
	Journal = {Foundations and Trends in Machine Learning},
	Month = {December},
	Number = {1},
	Pages = {1-122},
	Title = {Distributed Optimization and Statistical Learning via the Alternating Direction Method of Multipliers},
	Volume = {3},
	Year = {2011}}

@article{offgrid2012,
	Author = {G.~Tang and B.~Bhaskar and P.~Shah and B.~Recht},
	Journal = {arXiv Preprint 1207.6053},
	Title = {Compressed Sensing off the Grid},
	Year = {2012}}

@article{sqrtlasso,
	Adsnote = {Provided by the SAO/NASA Astrophysics Data System},
	Adsurl = {http://adsabs.harvard.edu/abs/2010arXiv1009.5689B},
	Archiveprefix = {arXiv},
	Author = {{Belloni}, A. and {Chernozhukov}, V. and {Wang}, L.},
	Eprint = {1009.5689},
	Journal = {ArXiv e-prints},
	Keywords = {Statistics - Methodology, Mathematics - Statistics Theory},
	Month = sep,
	Primaryclass = {stat.ME},
	Title = {{Square-Root Lasso: Pivotal Recovery of Sparse Signals via Conic Programming}},
	Year = 2010}
